{
  "leader": "02607cam a2200457 a 4500",
  "fields": [
    {
      "001": "ocm17732002\\"
    },
    {
      "003": "OCoLC"
    },
    {
      "005": "20220105104423.0"
    },
    {
      "008": "880301s1988\\\\\\\\nyuacf\\\\\\b\\\\\\\\001\\0\\eng\\\\"
    },
    {
      "010": {
        "ind1": "\\",
        "ind2": "\\",
        "subfields": [
          {
            "a": "   88005945 "
          }
        ]
      }
    },
    {
      "040": {
        "ind1": "\\",
        "ind2": "\\",
        "subfields": [
          {
            "a": "DLC"
          },
          {
            "b": "eng"
          },
          {
            "c": "DLC"
          },
          {
            "d": "OCL"
          },
          {
            "d": "IXA"
          },
          {
            "d": "BTCTA"
          },
          {
            "d": "BAKER"
          },
          {
            "d": "YDXCP"
          },
          {
            "d": "STF"
          },
          {
            "d": "NIALS"
          },
          {
            "d": "GEBAY"
          },
          {
            "d": "OCLCO"
          },
          {
            "d": "OCLCF"
          },
          {
            "d": "OCLCQ"
          },
          {
            "d": "OCLCO"
          },
          {
            "d": "OCLCQ"
          }
        ]
      }
    },
    {
      "019": {
        "ind1": "\\",
        "ind2": "\\",
        "subfields": [
          {
            "a": "975301006"
          },
          {
            "a": "1039385986"
          },
          {
            "a": "1057116823"
          }
        ]
      }
    },
    {
      "020": {
        "ind1": "\\",
        "ind2": "\\",
        "subfields": [
          {
            "a": "0070679150"
          }
        ]
      }
    },
    {
      "020": {
        "ind1": "\\",
        "ind2": "\\",
        "subfields": [
          {
            "a": "9780070679153"
          }
        ]
      }
    },
    {
      "035": {
        "ind1": "\\",
        "ind2": "\\",
        "subfields": [
          {
            "a": "(OCoLC)17732002"
          },
          {
            "z": "(OCoLC)975301006"
          },
          {
            "z": "(OCoLC)1039385986"
          },
          {
            "z": "(OCoLC)1057116823"
          }
        ]
      }
    },
    {
      "043": {
        "ind1": "\\",
        "ind2": "\\",
        "subfields": [
          {
            "a": "n-us---"
          }
        ]
      }
    },
    {
      "050": {
        "ind1": "0",
        "ind2": "0",
        "subfields": [
          {
            "a": "HD9569.S82"
          },
          {
            "b": "W35 1988"
          }
        ]
      }
    },
    {
      "082": {
        "ind1": "0",
        "ind2": "4",
        "subfields": [
          {
            "a": "338.762233820973"
          },
          {
            "b": "WAL"
          }
        ]
      }
    },
    {
      "100": {
        "ind1": "1",
        "ind2": "\\",
        "subfields": [
          {
            "a": "Wall, Bennett H."
          }
        ]
      }
    },
    {
      "245": {
        "ind1": "1",
        "ind2": "0",
        "subfields": [
          {
            "a": "Growth in a changing environment :"
          },
          {
            "b": "a history of Standard Oil Company (New Jersey), Exxon Corporation, 1950-1975 /"
          },
          {
            "c": "Bennett H. Wall, principal author ; assisted by C. Gerald Carpenter who drafted several chapters and Gene S. Yeager who assisted with the Latin American section."
          }
        ]
      }
    },
    {
      "260": {
        "ind1": "\\",
        "ind2": "\\",
        "subfields": [
          {
            "a": "New York :"
          },
          {
            "b": "McGraw-Hill,"
          },
          {
            "c": "\u00a91988."
          }
        ]
      }
    },
    {
      "300": {
        "ind1": "\\",
        "ind2": "\\",
        "subfields": [
          {
            "a": "xlv, 1020 pages, 12 unnumbered pages of plates :"
          },
          {
            "b": "illustrations, portraits ;"
          },
          {
            "c": "25 cm"
          }
        ]
      }
    },
    {
      "336": {
        "ind1": "\\",
        "ind2": "\\",
        "subfields": [
          {
            "a": "text"
          },
          {
            "b": "txt"
          },
          {
            "2": "rdacontent"
          }
        ]
      }
    },
    {
      "337": {
        "ind1": "\\",
        "ind2": "\\",
        "subfields": [
          {
            "a": "unmediated"
          },
          {
            "b": "n"
          },
          {
            "2": "rdamedia"
          }
        ]
      }
    },
    {
      "338": {
        "ind1": "\\",
        "ind2": "\\",
        "subfields": [
          {
            "a": "volume"
          },
          {
            "b": "nc"
          },
          {
            "2": "rdacarrier"
          }
        ]
      }
    },
    {
      "504": {
        "ind1": "\\",
        "ind2": "\\",
        "subfields": [
          {
            "a": "Includes bibliographical references (pages 906-987) and index."
          }
        ]
      }
    },
    {
      "505": {
        "ind1": "0",
        "ind2": "\\",
        "subfields": [
          {
            "a": "The corporation in 1950 -- An investment strategy for the 1960s -- 1960 reorganization -- Humble Oil & Refining Company, Exxon Company, U.S.A. -- The chemical story -- Beginnings in Europe -- Exploration and production in Europe -- Jersey Refining in Europe, 1950-1975 -- The development of Esso Europe -- Marketing in Europe -- Jersey and Russian oil in the west -- Imperial Oil Limited -- Latin America. Creole the breadwinner ; Problems in Peru -- Jersey in the Middle East -- Jersey, antitrust, Iran and Stanvac -- Esso Easter, 1961-1975."
          }
        ]
      }
    },
    {
      "610": {
        "ind1": "2",
        "ind2": "0",
        "subfields": [
          {
            "a": "Standard Oil Company"
          },
          {
            "x": "History."
          }
        ]
      }
    },
    {
      "610": {
        "ind1": "2",
        "ind2": "0",
        "subfields": [
          {
            "a": "Exxon Corporation"
          },
          {
            "x": "History."
          }
        ]
      }
    },
    {
      "650": {
        "ind1": "\\",
        "ind2": "0",
        "subfields": [
          {
            "a": "Petroleum industry and trade"
          },
          {
            "z": "United States"
          },
          {
            "x": "History."
          }
        ]
      }
    },
    {
      "610": {
        "ind1": "2",
        "ind2": "7",
        "subfields": [
          {
            "a": "Exxon Corporation."
          },
          {
            "2": "fast"
          },
          {
            "0": "(OCoLC)fst00532579"
          }
        ]
      }
    },
    {
      "610": {
        "ind1": "2",
        "ind2": "7",
        "subfields": [
          {
            "a": "Standard Oil Company."
          },
          {
            "2": "fast"
          },
          {
            "0": "(OCoLC)fst00532578"
          }
        ]
      }
    },
    {
      "650": {
        "ind1": "\\",
        "ind2": "7",
        "subfields": [
          {
            "a": "Petroleum industry and trade."
          },
          {
            "2": "fast"
          },
          {
            "0": "(OCoLC)fst01059546"
          }
        ]
      }
    },
    {
      "651": {
        "ind1": "\\",
        "ind2": "7",
        "subfields": [
          {
            "a": "United States."
          },
          {
            "2": "fast"
          },
          {
            "0": "(OCoLC)fst01204155"
          }
        ]
      }
    },
    {
      "655": {
        "ind1": "\\",
        "ind2": "7",
        "subfields": [
          {
            "a": "History."
          },
          {
            "2": "fast"
          },
          {
            "0": "(OCoLC)fst01411628"
          }
        ]
      }
    },
    {
      "700": {
        "ind1": "1",
        "ind2": "\\",
        "subfields": [
          {
            "a": "Carpenter, C. Gerald."
          }
        ]
      }
    },
    {
      "700": {
        "ind1": "1",
        "ind2": "\\",
        "subfields": [
          {
            "a": "Yeager, Gene S."
          }
        ]
      }
    },
    {
      "776": {
        "ind1": "0",
        "ind2": "8",
        "subfields": [
          {
            "i": "Online version:"
          },
          {
            "a": "Wall, Bennett H."
          },
          {
            "t": "Growth in a changing environment."
          },
          {
            "d": "New York : McGraw-Hill, \u00a91988"
          },
          {
            "w": "(OCoLC)654714728"
          }
        ]
      }
    },
    {
      "994": {
        "ind1": "\\",
        "ind2": "\\",
        "subfields": [
          {
            "a": "Z0"
          },
          {
            "b": "NYRVC"
          }
        ]
      }
    },
    {
      "948": {
        "ind1": "\\",
        "ind2": "\\",
        "subfields": [
          {
            "h": "NO HOLDINGS IN NYRVC - 644 OTHER HOLDINGS"
          }
        ]
      }
    },
    {
      "999": {
        "ind1": "\\",
        "ind2": "\\",
        "subfields": [
          {
            "a": "00000000015943"
          }
        ]
      }
    }
  ]
}